<record><leader>00000cas a22000007a 4500</leader><controlfield tag="001">47261820</controlfield><controlfield tag="008">010709c19999999azuwr ne      0   a0eng d</controlfield><datafield ind1=" " ind2=" " tag="010"><subfield code="a">sn2001060086</subfield></datafield><datafield ind1=" " ind2=" " tag="040"><subfield code="a">ANN</subfield><subfield code="b">eng</subfield><subfield code="c">ANN</subfield><subfield code="d">OCLCF</subfield><subfield code="d">OCLCO</subfield></datafield><datafield ind1="1" ind2=" " tag="029"><subfield code="a">AU@</subfield><subfield code="b">000022831837</subfield></datafield><datafield ind1=" " ind2=" " tag="042"><subfield code="a">msc</subfield></datafield><datafield ind1=" " ind2=" " tag="043"><subfield code="a">n-us-az</subfield></datafield><datafield ind1="0" ind2="4" tag="245"><subfield code="a">The Rim review.</subfield></datafield><datafield ind1="0" ind2="0" tag="246"><subfield code="a">Review</subfield></datafield><datafield ind1=" " ind2=" " tag="260"><subfield code="a">Payson, Ariz. :</subfield><subfield code="b">WorldWest Limited Liability Co.,</subfield></datafield><datafield ind1=" " ind2=" " tag="300"><subfield code="a">v. :</subfield><subfield code="b">ill.</subfield></datafield><datafield ind1=" " ind2=" " tag="310"><subfield code="a">Weekly</subfield></datafield><datafield ind1="0" ind2=" " tag="362"><subfield code="a">Vol. 1, no. 1 (Apr. 14, 1999)-</subfield></datafield><datafield ind1=" " ind2="0" tag="651"><subfield code="a">Payson (Ariz.)</subfield><subfield code="v">Newspapers.</subfield></datafield><datafield ind1=" " ind2="0" tag="651"><subfield code="a">Gila County (Ariz.)</subfield><subfield code="v">Newspapers.</subfield></datafield><datafield ind1=" " ind2="7" tag="655"><subfield code="a">Newspapers.</subfield><subfield code="2">fast</subfield><subfield code="0">(OCoLC)fst01423814</subfield></datafield><datafield ind1=" " ind2="7" tag="651"><subfield code="a">Arizona</subfield><subfield code="z">Gila County.</subfield><subfield code="2">fast</subfield><subfield code="0">(OCoLC)fst01218085</subfield></datafield><datafield ind1=" " ind2="7" tag="651"><subfield code="a">Arizona</subfield><subfield code="z">Payson.</subfield><subfield code="2">fast</subfield><subfield code="0">(OCoLC)fst01216805</subfield></datafield><datafield ind1=" " ind2=" " tag="752"><subfield code="a">United States</subfield><subfield code="b">Arizona</subfield><subfield code="c">Gila</subfield><subfield code="d">Payson.</subfield></datafield><datafield ind1="0" ind2=" " tag="775"><subfield code="t">Payson roundup (Payson, Ariz. : 1990)</subfield><subfield code="w">(DLC)sn 96060791</subfield></datafield><datafield ind1="0" ind2="1" tag="780"><subfield code="t">M.A.</subfield><subfield code="w">(DLC)sn 2001060084</subfield></datafield><datafield ind1="0" ind2="1" tag="780"><subfield code="t">Review (Payson, Ariz.)</subfield><subfield code="w">(DLC)sn 2001060082</subfield></datafield></record>